{
  "leader": "01338cam a2200337 i 4500",
  "fields": [
    {
      "001": "ocm00411374\\"
    },
    {
      "003": "OCoLC"
    },
    {
      "005": "20221227151549.0"
    },
    {
      "008": "720920s1955\\\\\\\\nyu\\\\\\\\\\\\\\\\\\\\\\000\\0\\eng\\\\"
    },
    {
      "010": {
        "ind1": "\\",
        "ind2": "\\",
        "subfields": [
          {
            "a": "   55007318 "
          }
        ]
      }
    },
    {
      "040": {
        "ind1": "\\",
        "ind2": "\\",
        "subfields": [
          {
            "a": "DLC"
          },
          {
            "b": "eng"
          },
          {
            "c": "WSU"
          },
          {
            "d": "OCL"
          },
          {
            "d": "NLGGC"
          },
          {
            "d": "OCLCG"
          },
          {
            "d": "IBV"
          },
          {
            "d": "STF"
          },
          {
            "d": "UPM"
          },
          {
            "d": "ZZAND"
          },
          {
            "d": "OCLCF"
          },
          {
            "d": "OCLCQ"
          },
          {
            "d": "L2U"
          },
          {
            "d": "CHUNN"
          },
          {
            "d": "OCLCO"
          },
          {
            "d": "J9U"
          },
          {
            "d": "OCLCQ"
          }
        ]
      }
    },
    {
      "019": {
        "ind1": "\\",
        "ind2": "\\",
        "subfields": [
          {
            "a": "254497913"
          },
          {
            "a": "318446570"
          },
          {
            "a": "1080781755"
          },
          {
            "a": "1248041861"
          }
        ]
      }
    },
    {
      "035": {
        "ind1": "\\",
        "ind2": "\\",
        "subfields": [
          {
            "a": "(OCoLC)411374"
          },
          {
            "z": "(OCoLC)254497913"
          },
          {
            "z": "(OCoLC)318446570"
          },
          {
            "z": "(OCoLC)1080781755"
          },
          {
            "z": "(OCoLC)1248041861"
          }
        ]
      }
    },
    {
      "043": {
        "ind1": "\\",
        "ind2": "\\",
        "subfields": [
          {
            "a": "a-ph---"
          }
        ]
      }
    },
    {
      "050": {
        "ind1": "\\",
        "ind2": "4",
        "subfields": [
          {
            "a": "DS686.5"
          },
          {
            "b": ".R66 1955"
          }
        ]
      }
    },
    {
      "082": {
        "ind1": "0",
        "ind2": "4",
        "subfields": [
          {
            "a": "959.9046"
          },
          {
            "b": "ROM"
          }
        ]
      }
    },
    {
      "100": {
        "ind1": "1",
        "ind2": "\\",
        "subfields": [
          {
            "a": "Romulo, Carlos P."
          },
          {
            "q": "(Carlos Pen\u0303a),"
          },
          {
            "d": "1899-1985."
          }
        ]
      }
    },
    {
      "245": {
        "ind1": "1",
        "ind2": "0",
        "subfields": [
          {
            "a": "Crusade in Asia :"
          },
          {
            "b": "Philippine victory /"
          },
          {
            "c": "Carlos P. Romulo."
          }
        ]
      }
    },
    {
      "260": {
        "ind1": "\\",
        "ind2": "\\",
        "subfields": [
          {
            "a": "New York :"
          },
          {
            "b": "John Day Company,"
          },
          {
            "c": "[1955]"
          }
        ]
      }
    },
    {
      "300": {
        "ind1": "\\",
        "ind2": "\\",
        "subfields": [
          {
            "a": "309 pages ;"
          },
          {
            "c": "21 cm"
          }
        ]
      }
    },
    {
      "336": {
        "ind1": "\\",
        "ind2": "\\",
        "subfields": [
          {
            "a": "text"
          },
          {
            "b": "txt"
          },
          {
            "2": "rdacontent"
          }
        ]
      }
    },
    {
      "337": {
        "ind1": "\\",
        "ind2": "\\",
        "subfields": [
          {
            "a": "unmediated"
          },
          {
            "b": "n"
          },
          {
            "2": "rdamedia"
          }
        ]
      }
    },
    {
      "338": {
        "ind1": "\\",
        "ind2": "\\",
        "subfields": [
          {
            "a": "volume"
          },
          {
            "b": "nc"
          },
          {
            "2": "rdacarrier"
          }
        ]
      }
    },
    {
      "530": {
        "ind1": "\\",
        "ind2": "\\",
        "subfields": [
          {
            "a": "Also issued online."
          }
        ]
      }
    },
    {
      "650": {
        "ind1": "\\",
        "ind2": "0",
        "subfields": [
          {
            "a": "Communism"
          },
          {
            "z": "Philippines."
          }
        ]
      }
    },
    {
      "650": {
        "ind1": "\\",
        "ind2": "7",
        "subfields": [
          {
            "a": "Communism."
          },
          {
            "2": "fast"
          },
          {
            "0": "(OCoLC)fst00870421"
          }
        ]
      }
    },
    {
      "651": {
        "ind1": "\\",
        "ind2": "7",
        "subfields": [
          {
            "a": "Philippines."
          },
          {
            "2": "fast"
          },
          {
            "0": "(OCoLC)fst01205261"
          }
        ]
      }
    },
    {
      "776": {
        "ind1": "0",
        "ind2": "8",
        "subfields": [
          {
            "i": "Online version:"
          },
          {
            "a": "Romulo, Carlos P. (Carlos Pen\u0303a), 1899-1985."
          },
          {
            "t": "Crusade in Asia."
          },
          {
            "d": "New York, J. Day Co. [1955]"
          },
          {
            "w": "(OCoLC)584090980"
          }
        ]
      }
    },
    {
      "994": {
        "ind1": "\\",
        "ind2": "\\",
        "subfields": [
          {
            "a": "Z0"
          },
          {
            "b": "NYRVC"
          }
        ]
      }
    },
    {
      "948": {
        "ind1": "\\",
        "ind2": "\\",
        "subfields": [
          {
            "h": "NO HOLDINGS IN NYRVC - 618 OTHER HOLDINGS"
          }
        ]
      }
    },
    {
      "999": {
        "ind1": "\\",
        "ind2": "\\",
        "subfields": [
          {
            "a": "00000000017979"
          }
        ]
      }
    }
  ]
}